<record><leader>00000cas a22000007a 4500</leader><controlfield tag="001">41939794</controlfield><controlfield tag="008">990722c19849999scuwn ne      0    0eng d</controlfield><datafield ind1=" " ind2=" " tag="010"><subfield code="a">sn 99063227 </subfield></datafield><datafield ind1=" " ind2=" " tag="040"><subfield code="a">DCN</subfield><subfield code="b">eng</subfield><subfield code="c">DCN</subfield><subfield code="d">OCL</subfield><subfield code="d">SUC</subfield><subfield code="d">OCLCF</subfield></datafield><datafield ind1=" " ind2=" " tag="042"><subfield code="a">msc</subfield></datafield><datafield ind1=" " ind2=" " tag="043"><subfield code="a">n-us-sc</subfield></datafield><datafield ind1="0" ind2="0" tag="245"><subfield code="a">Columbia's black news.</subfield></datafield><datafield ind1="1" ind2=" " tag="246"><subfield code="i">Some issues for &lt;Apr.-Dec. 1984&gt; called:</subfield><subfield code="a">Black news of Columbia</subfield></datafield><datafield ind1="3" ind2="0" tag="246"><subfield code="a">Columbia black news</subfield><subfield code="f">&lt;Dec. 1984&gt;-</subfield></datafield><datafield ind1=" " ind2=" " tag="260"><subfield code="a">Columbia, S.C. :</subfield><subfield code="b">Redfern II</subfield></datafield><datafield ind1=" " ind2=" " tag="300"><subfield code="a">v.</subfield></datafield><datafield ind1=" " ind2=" " tag="310"><subfield code="a">Weekly</subfield></datafield><datafield ind1="1" ind2=" " tag="362"><subfield code="a">Began with Jan. 21, 1984.</subfield></datafield><datafield ind1=" " ind2=" " tag="525"><subfield code="a">Contains supplements: National Black monitor and Dawn magazine.</subfield></datafield><datafield ind1=" " ind2=" " tag="588"><subfield code="a">Description based on: Vol. 8, no. 3 (Jan. 21, 1983 [i.e. 1984]).</subfield></datafield><datafield ind1=" " ind2=" " tag="588"><subfield code="a">Latest issue consulted: Nov. 15-21, 2012.</subfield></datafield><datafield ind1=" " ind2="0" tag="650"><subfield code="a">African Americans</subfield><subfield code="z">South Carolina</subfield><subfield code="v">Newspapers.</subfield></datafield><datafield ind1=" " ind2="0" tag="651"><subfield code="a">Columbia (S.C.)</subfield><subfield code="v">Newspapers.</subfield></datafield><datafield ind1=" " ind2="0" tag="651"><subfield code="a">Richland County (S.C.)</subfield><subfield code="v">Newspapers.</subfield></datafield><datafield ind1=" " ind2="7" tag="655"><subfield code="a">Newspapers.</subfield><subfield code="2">fast</subfield><subfield code="0">(OCoLC)fst01423814</subfield></datafield><datafield ind1=" " ind2="7" tag="650"><subfield code="a">African Americans.</subfield><subfield code="2">fast</subfield><subfield code="0">(OCoLC)fst00799558</subfield></datafield><datafield ind1=" " ind2="7" tag="651"><subfield code="a">South Carolina.</subfield><subfield code="2">fast</subfield><subfield code="0">(OCoLC)fst01204600</subfield></datafield><datafield ind1=" " ind2="7" tag="651"><subfield code="a">South Carolina</subfield><subfield code="z">Columbia.</subfield><subfield code="2">fast</subfield><subfield code="0">(OCoLC)fst01206785</subfield></datafield><datafield ind1=" " ind2="7" tag="651"><subfield code="a">South Carolina</subfield><subfield code="z">Richland County.</subfield><subfield code="2">fast</subfield><subfield code="0">(OCoLC)fst01206357</subfield></datafield><datafield ind1="1" ind2=" " tag="700"><subfield code="a">Redfern II.</subfield><subfield code="4">pbl</subfield></datafield><datafield ind1=" " ind2=" " tag="752"><subfield code="a">United States</subfield><subfield code="b">South Carolina</subfield><subfield code="c">Richland</subfield><subfield code="d">Columbia.</subfield></datafield><datafield ind1="0" ind2="0" tag="780"><subfield code="t">Black news (Columbia, S.C. : Columbia ed.)</subfield><subfield code="w">(DLC)sn 89080108</subfield><subfield code="w">(OCoLC)25161210</subfield></datafield></record>